<?xml version="1.0" encoding="UTF-8"?> 
<collection xmlns="http://www.loc.gov/MARC21/slim">
<record>
<leader>00000cas a22000003  4500</leader>
<controlfield tag="001">ebs9579e</controlfield>
<controlfield tag="003">EBZ</controlfield>
<controlfield tag="006">m     o  d  ||||||</controlfield>
<controlfield tag="007">cr|unu||||||||</controlfield>
<controlfield tag="008">761012c19769999ne mr p o     0   a0eng  </controlfield>
<datafield tag="022" ind1=" " ind2=" "><subfield code="a">1872-8308</subfield><subfield code="y">0376-6357</subfield></datafield>
<datafield tag="035" ind1=" " ind2=" "><subfield code="a">(OCoLC)2497823</subfield></datafield>
<datafield tag="035" ind1=" " ind2=" "><subfield code="a">(EBZ)ebs9579e</subfield></datafield>
<datafield tag="040" ind1=" " ind2=" "><subfield code="a">AGL </subfield><subfield code="b">eng </subfield><subfield code="d">EBZ</subfield></datafield>
<datafield tag="042" ind1=" " ind2=" "><subfield code="a">nsdp pcc</subfield></datafield>
<datafield tag="050" ind1="0" ind2="0"><subfield code="a">QL750</subfield><subfield code="b">.B56</subfield></datafield>
<datafield tag="060" ind1="0" ind2="0"><subfield code="a">W1</subfield><subfield code="b">BE135F</subfield></datafield>
<datafield tag="070" ind1=" " ind2=" "><subfield code="a">QL750.B4</subfield></datafield>
<datafield tag="130" ind1="0" ind2=" "><subfield code="a">Behavioural processes (Online)</subfield></datafield>
<datafield tag="245" ind1="0" ind2="0"><subfield code="a">Behavioural processes</subfield><subfield code="h">[electronic resource].</subfield></datafield>
<datafield tag="260" ind1=" " ind2=" "><subfield code="a">Amsterdam,</subfield><subfield code="b">Elsevier Scientific Pub. Co.</subfield></datafield>
<datafield tag="310" ind1=" " ind2=" "><subfield code="a">Monthly</subfield></datafield>
<datafield tag="362" ind1="0" ind2=" "><subfield code="a">v. 1- July 1976-</subfield></datafield>
<datafield tag="500" ind1=" " ind2=" "><subfield code="a">"An international journal of comparative and physiological ethology."</subfield></datafield>
<datafield tag="546" ind1=" " ind2=" "><subfield code="a">Articles in English; summaries in English, French, or German.</subfield></datafield>
<datafield tag="580" ind1=" " ind2=" "><subfield code="a">Absorbed in Jan. 1984: Behaviour analysis letters.</subfield></datafield>
<datafield tag="650" ind1=" " ind2="0"><subfield code="a">Animal behavior</subfield><subfield code="v">Periodicals.</subfield></datafield>
<datafield tag="650" ind1=" " ind2="0"><subfield code="a">Psychophysiology</subfield><subfield code="v">Periodicals.</subfield></datafield>
<datafield tag="650" ind1=" " ind2="0"><subfield code="a">Psychophysiology.</subfield></datafield>
<datafield tag="650" ind1=" " ind2="0"><subfield code="a">Animal behavior.</subfield></datafield>
<datafield tag="650" ind1=" " ind2="2"><subfield code="a">Ethology</subfield></datafield>
<datafield tag="650" ind1=" " ind2="2"><subfield code="a">Psychophysiology</subfield></datafield>
<datafield tag="650" ind1=" " ind2="6"><subfield code="a">Psychophysiologie.</subfield></datafield>
<datafield tag="650" ind1=" " ind2="6"><subfield code="a">Psychophysiologie</subfield><subfield code="v">Périodiques.</subfield></datafield>
<datafield tag="650" ind1=" " ind2="6"><subfield code="a">Éthologie.</subfield></datafield>
<datafield tag="650" ind1=" " ind2="7"><subfield code="a">Animal behavior.</subfield><subfield code="2">fast</subfield><subfield code="0">(OCoLC)fst00809079</subfield></datafield>
<datafield tag="650" ind1=" " ind2="7"><subfield code="a">Psychophysiology.</subfield><subfield code="2">fast</subfield><subfield code="0">(OCoLC)fst01081674</subfield></datafield>
<datafield tag="655" ind1=" " ind2="2"><subfield code="a">Periodical</subfield></datafield>
<datafield tag="655" ind1=" " ind2="7"><subfield code="a">Periodicals.</subfield><subfield code="2">fast</subfield><subfield code="0">(OCoLC)fst01411641</subfield></datafield>
<datafield tag="655" ind1=" " ind2="7"><subfield code="a">Periodicals.</subfield><subfield code="2">lcgft</subfield><subfield code="0">http://id.loc.gov/authorities/genreForms/gf2014026139</subfield><subfield code="0">(uri) http://id.loc.gov/authorities/genreForms/gf2014026139</subfield></datafield>
<datafield tag="773" ind1="0" ind2=" "><subfield code="t">ScienceDirect Subject Collections - Agricultural and Biological Sciences </subfield><subfield code="d">Elsevier Science</subfield></datafield>
<datafield tag="776" ind1="0" ind2="8"><subfield code="i">Online version:</subfield><subfield code="t">Behavioural processes (Online)</subfield><subfield code="w">(DLC)  2002238501</subfield><subfield code="w">(OCoLC)38491814</subfield></datafield>
<datafield tag="776" ind1="0" ind2="8"><subfield code="i">Online version:</subfield><subfield code="t">Behavioural processes</subfield><subfield code="w">(OCoLC)643965368</subfield></datafield>
<datafield tag="776" ind1="1" ind2=" "><subfield code="t">Behavioural processes</subfield><subfield code="x">1872-8308</subfield><subfield code="w">(OCoLC)2497823</subfield><subfield code="w">(DLC)77643118</subfield></datafield>
<datafield tag="780" ind1="1" ind2="5"><subfield code="t">Behaviour analysis letters</subfield><subfield code="x">0166-4794</subfield><subfield code="w">(DLC)   81649181</subfield><subfield code="w">(OCoLC)7640692</subfield></datafield>
<datafield tag="856" ind1="4" ind2="0"><subfield code="3">Full text available: 1995 to present.</subfield><subfield code="z">Available in ScienceDirect Subject Collections - Agricultural and Biological Sciences.</subfield><subfield code="u">https://resolver.ebscohost.com/Redirect/PRL?EPPackageLocationID=841.9579.0&amp;epcustomerid=s7451719</subfield></datafield>
</record>