
<record>
<leader>00000cas a22000003a 4500</leader>
<controlfield tag="001">ebs29555e</controlfield>
<controlfield tag="003">EBZ</controlfield>
<controlfield tag="006">m     o  d  ||||||</controlfield>
<controlfield tag="007">cr|unu||||||||</controlfield>
<controlfield tag="008">811021c19829999ne mr p o     0   a0eng  </controlfield>
<datafield tag="022" ind1=" " ind2=" "><subfield code="a">1873-6351</subfield><subfield code="y">0278-6915</subfield></datafield>
<datafield tag="035" ind1=" " ind2=" "><subfield code="a">(OCoLC)7864235</subfield></datafield>
<datafield tag="035" ind1=" " ind2=" "><subfield code="a">(EBZ)ebs29555e</subfield></datafield>
<datafield tag="040" ind1=" " ind2=" "><subfield code="a">DLC </subfield><subfield code="b">eng </subfield><subfield code="d">EBZ</subfield></datafield>
<datafield tag="042" ind1=" " ind2=" "><subfield code="a">pcc nsdp</subfield></datafield>
<datafield tag="050" ind1="0" ind2="0"><subfield code="a">RA1190</subfield><subfield code="b">.B715</subfield></datafield>
<datafield tag="060" ind1=" " ind2=" "><subfield code="a">W1 FO403</subfield></datafield>
<datafield tag="130" ind1="0" ind2=" "><subfield code="a">Food and chemical toxicology (Online)</subfield></datafield>
<datafield tag="245" ind1="0" ind2="0"><subfield code="a">Food and chemical toxicology</subfield><subfield code="h">[electronic resource] :</subfield><subfield code="b">an international journal published for the British Industrial Biological Research Association.</subfield></datafield>
<datafield tag="264" ind1=" " ind2="1"><subfield code="a">Oxford ;</subfield><subfield code="a">New York :</subfield><subfield code="b">Pergamon,</subfield><subfield code="c">©1982-</subfield></datafield>
<datafield tag="264" ind1="3" ind2="1"><subfield code="3">&lt;2012-&gt; :</subfield><subfield code="a">Amesterdam :</subfield><subfield code="b">El</subfield></datafield>
<datafield tag="310" ind1=" " ind2=" "><subfield code="a">Monthly,</subfield><subfield code="b">&lt;Sept. 1991-&gt;</subfield></datafield>
<datafield tag="362" ind1="0" ind2=" "><subfield code="a">Vol. 20, no. 1 (Feb. 1982)-</subfield></datafield>
<datafield tag="500" ind1=" " ind2=" "><subfield code="a">Title from cover.</subfield></datafield>
<datafield tag="525" ind1=" " ind2=" "><subfield code="a">Some issues have a supplement.</subfield></datafield>
<datafield tag="650" ind1=" " ind2="0"><subfield code="a">Toxicology</subfield><subfield code="v">Periodicals.</subfield></datafield>
<datafield tag="650" ind1=" " ind2="0"><subfield code="a">Food poisoning</subfield><subfield code="v">Periodicals.</subfield></datafield>
<datafield tag="650" ind1=" " ind2="2"><subfield code="a">Toxicology</subfield><subfield code="x">periodicals.</subfield></datafield>
<datafield tag="650" ind1=" " ind2="2"><subfield code="a">Foodborne Diseases</subfield><subfield code="x">periodicals.</subfield></datafield>
<datafield tag="650" ind1=" " ind2="7"><subfield code="a">Food poisoning.</subfield><subfield code="2">fast</subfield><subfield code="0">(OCoLC)fst00930974</subfield></datafield>
<datafield tag="650" ind1=" " ind2="7"><subfield code="a">Toxicology.</subfield><subfield code="2">fast</subfield><subfield code="0">(OCoLC)fst01153364</subfield></datafield>
<datafield tag="650" ind1="1" ind2="7"><subfield code="a">Levensmiddelen.</subfield><subfield code="2">gtt</subfield></datafield>
<datafield tag="650" ind1="1" ind2="7"><subfield code="a">Voedselveiligheid.</subfield><subfield code="2">gtt</subfield></datafield>
<datafield tag="650" ind1="1" ind2="7"><subfield code="a">Toxicologie.</subfield><subfield code="2">gtt</subfield></datafield>
<datafield tag="655" ind1=" " ind2="2"><subfield code="a">Periodical.</subfield></datafield>
<datafield tag="655" ind1=" " ind2="7"><subfield code="a">Periodicals.</subfield><subfield code="2">fast</subfield><subfield code="0">(OCoLC)fst01411641</subfield></datafield>
<datafield tag="710" ind1="2" ind2=" "><subfield code="a">British Industrial Biological Research Association.</subfield></datafield>
<datafield tag="773" ind1="0" ind2=" "><subfield code="t">ScienceDirect Subject Collections - Agricultural and Biological Sciences </subfield><subfield code="d">Elsevier Science</subfield></datafield>
<datafield tag="776" ind1="0" ind2="8"><subfield code="i">Online version:</subfield><subfield code="t">Food and chemical toxicology (Online)</subfield><subfield code="w">(DLC)  2003233248</subfield><subfield code="w">(OCoLC)38873775</subfield></datafield>
<datafield tag="776" ind1="1" ind2=" "><subfield code="t">Food and chemical toxicology</subfield><subfield code="x">1873-6351</subfield><subfield code="w">(OCoLC)7864235</subfield><subfield code="w">(DLC)82643214</subfield></datafield>
<datafield tag="780" ind1="0" ind2="0"><subfield code="t">Food and cosmetics toxicology</subfield><subfield code="x">0015-6264</subfield><subfield code="w">(DLC)   65008335</subfield></datafield>
<datafield tag="856" ind1="4" ind2="0"><subfield code="3">Full text available: 1995 to present.</subfield><subfield code="z">Available in ScienceDirect Subject Collections - Agricultural and Biological Sciences.</subfield><subfield code="u">https://resolver.ebscohost.com/Redirect/PRL?EPPackageLocationID=841.29555.0&amp;epcustomerid=s7451719</subfield></datafield>
</record>
</collection>
